@article{steele2017poverty,
  author    = {Steele, Jessica E. and Sundsøy, Pål R. and Pezzulo, Carla and Alegana, Victor A. and Bird, Tomas J. and Blumenstock, Joshua and Bjelland, Johannes and Engø-Monsen, Kenth and de Montjoye, Yves-Alexandre and Iqbal, Asif M. and Hadiuzzaman, Khandoker Nazmul and Lu, Xia and Wetter, Erwin and Tatem, Andrew J. and Bengtsson, Linus},
  title     = {Mapping poverty using mobile phone and satellite data},
  journal   = {Journal of the Royal Society Interface},
  year      = {2017},
  volume    = {14},
  number    = {127},
  pages     = {20160690},
  doi       = {10.1098/rsif.2016.0690},
  url       = {https://www.ncbi.nlm.nih.gov/pmc/articles/PMC5332562/}
}

@article{besag1991bayesian,
  author    = {Besag, Julian and York, Jeremy and Mollié, Annie},
  title     = {Bayesian image restoration, with two applications in spatial statistics},
  journal   = {Annals of the Institute of Statistical Mathematics},
  year      = {1991},
  volume    = {43},
  number    = {1},
  pages     = {1--20},
  doi       = {10.1007/BF00116466},
  url       = {https://doi.org/10.1007/BF00116466}
}

@misc{worldbankcuba,
  author = {{World Bank}},
  title = {Cuba | Data},
  year = {2024},
  url = {https://data.worldbank.org/country/cuba},
  urldate = {2025-03-24}
}

@article{gelman2006prior,
  author    = {Gelman, Andrew},
  title     = {Prior distributions for variance parameters in hierarchical models (comment on article by Browne and Draper)},
  journal   = {Bayesian Analysis},
  year      = {2006},
  volume    = {1},
  number    = {3},
  pages     = {515--534},
  doi       = {10.1214/06-BA117A},
  url       = {https://doi.org/10.1214/06-BA117A}
}

@article{chi2022microestimates,
  title={Microestimates of wealth for all low- and middle-income countries},
  author={Chi, Guanghua and Fang, Han and Chatterjee, Sourav and Blumenstock, Joshua E.},
  journal={Proceedings of the National Academy of Sciences},
  volume={119},
  number={3},
  pages={e2113658119},
  year={2022},
  publisher={National Acad Sciences},
  doi={10.1073/pnas.2113658119}
}

@article{duncan2017spatial,
  author    = {Duncan, Emma W. and White, Nicole M. and Mengersen, Kerrie},
  title     = {Spatial smoothing in Bayesian models: a comparison of weights matrix specifications and their impact on inference},
  journal   = {International Journal of Health Geographics},
  year      = {2017},
  volume    = {16},
  number    = {1},
  pages     = {47},
  doi       = {10.1186/s12942-017-0120-x},
  url       = {https://doi.org/10.1186/s12942-017-0120-x}
}
