@misc{worldbankcuba,
  author = {{World Bank}},
  title = {Cuba | Data},
  year = {2024},
  url = {https://data.worldbank.org/country/cuba},
  urldate = {2025-03-24}
}

@article{liu2020osmroads,
  author       = {Liu, Bo and Shi, Yu and Li, Da-Jun and Wang, Yan-Dong and Fernandez, Gabriela and Tsou, Ming-Hsiang},
  title        = {An Economic Development Evaluation Based on the OpenStreetMap Road Network Density: The Case Study of 85 Cities in China},
  journal      = {ISPRS International Journal of Geo-Information},
  volume       = {9},
  number       = {9},
  pages        = {517},
  year         = {2020},
  publisher    = {MDPI},
  doi          = {10.3390/ijgi9090517},
  url          = {https://www.mdpi.com/2220-9964/9/9/517},
  urldate      = {2025-03-24}
}

@article{steele2017poverty,
  author       = {Steele, Jessica E and Sundsøy, Pål Roe and Pezzulo, Carla and Alegana, Victor A and Bird, Tomas J and Blumenstock, Joshua and Bjelland, Johannes and Engø-Monsen, Kenth and de Montjoye, Yves-Alexandre and Iqbal, Asif M and Hadiuzzaman, Khandakar N and Lu, Xin and Wetter, Erik and Tatem, Andrew J and Bengtsson, Linus},
  title        = {Mapping Poverty Using Mobile Phone and Satellite Data},
  journal      = {Journal of the Royal Society Interface},
  volume       = {14},
  number       = {127},
  pages        = {20160690},
  year         = {2017},
  doi          = {10.1098/rsif.2016.0690},
  url          = {https://www.ncbi.nlm.nih.gov/pmc/articles/PMC5332562/},
  urldate      = {2025-03-24}
}
